






@online{java-set,
  author = "Oracle",
  title = "Set (Java Platform SE 8)",
  year = "2023",
  month = "junio",
  url = "https://docs.oracle.com/javase/8/docs/api/java/util/Set.html"
}

@online{java-treeset,
  author = "Oracle",
  title = "TreeSet (Java Platform SE 8)",
  year = "2023",
  month = "junio",
  url = "https://docs.oracle.com/javase/8/docs/api/java/util/TreeSet.html"
}

@online{java-set-interface,
  author = "Oracle",
  title = "The Set Interface (The JavaTM Tutorials > Collections > Interfaces)",
  year = "s. f.",
  url = "https://docs.oracle.com/javase/tutorial/collections/interfaces/set.html"
}

@online{java-list,
  author = "Oracle",
  title = "List (Java Platform SE 8)",
  year = "2023",
  month = "junio",
  url = "https://docs.oracle.com/javase/8/docs/api/java/util/List.html"
}

@online{java-treemap,
  author = "Oracle",
  title = "TreeMap (Java Platform SE 8)",
  year = "2023",
  month = "junio",
  url = "https://docs.oracle.com/javase/8/docs/api/java/util/TreeMap.html"
}

@online{java-overview,
  author = "Oracle",
  title = "Overview (Java SE 17 & JDK 17)",
  year = "2023",
  month = "julio",
  url = "https://docs.oracle.com/en/java/javase/17/docs/api/index.html"
}

@online{geeks-for-geeks-complete-guide,
  author = "GeeksforGeeks",
  title = "How to learn Java Collections: A complete guide",
  year = "2021",
  url = "https://www.geeksforgeeks.org/how-to-learn-java-collections-a-complete-guide/"
}

@online{geeks-for-geeks-collections-in-java,
  author = "GeeksforGeeks",
  title = "Collections in Java",
  year = "2023",
  url = "https://www.geeksforgeeks.org/collectionsin-java-2/"
}
